%% This BibTeX bibliography file was created using BibDesk.
%% http://bibdesk.sourceforge.net/


%% Created for Taehwan Kim at 2017-03-22 16:48:54 -0700 


%% Saved with string encoding Unicode (UTF-8) 


@string{prl = {Phys. Rev. Lett.}}

@string{rmp = {Rev. Mod. Phys.}}


@article{locacc,
	Author = {Ober, R. J. and Ram, S. and Ward, E. S.},
	Date-Added = {2017-03-22 23:48:53 +0000},
	Date-Modified = {2017-03-22 23:48:53 +0000},
	Journal = {Biophysical Journal},
	Pages = {1185--1200},
	Title = {Localization Accuracy in Single-Molecule Microscopy},
	Volume = {86},
	Year = {2004}}

@article{psfj,
	Author = {Theer, P. and Mongis, C. and Knop, M.},
	Date-Added = {2017-03-22 23:25:36 +0000},
	Date-Modified = {2017-03-22 23:25:36 +0000},
	Journal = {Nat Meth},
	Pages = {981--982},
	Title = {PSFj: know your fluorescence microscope},
	Volume = {11},
	Year = {2014}}

@article{delft,
	Author = {Smith, C. and Huisman, M. and Siemons, M. and Gr{\"u}nwald D. and Stallinga, S.},
	Date-Added = {2017-03-22 23:06:30 +0000},
	Date-Modified = {2017-03-22 23:06:34 +0000},
	Journal = {Optics Express},
	Title = {Simultaneous measurement of emission color and 3D position of single molecules},
	Volume = {24},
	Year = {2016}}

@article{biplane,
	Author = {Ram, S. and Prabhat, P. and Chao, J. and Ward, E. S. and Ober, R. J.},
	Date-Added = {2017-03-22 20:40:55 +0000},
	Date-Modified = {2017-03-22 20:40:59 +0000},
	Journal = {Biophysical Journal},
	Pages = {6025--6043},
	Title = {High Accuracy 3D Quantum Dot Tracking with Multifocal Plane Microscopy for the Study of Fast Intracellular Dynamics in Live Cells},
	Volume = {95},
	Year = {2008}}

@article{natphot,
	Author = {Shechtman, Y. and Weiss, L. E. and Backer, A. S. and Lee, M. Y. and Moerner, W. E.},
	Date-Added = {2017-03-22 19:06:40 +0000},
	Date-Modified = {2017-03-22 19:09:18 +0000},
	Journal = {Nat Photon},
	Pages = {590--594},
	Title = {Multicolour localization microscopy by point-spread-function engineering.},
	Volume = {10},
	Year = {2016}}

@article{prism,
	Author = {Zhang, Zhengyang and Kenny, Samuel J and Hauser, Margaret and Li, Wan and Xu, Ke},
	Date = {2015/10//print},
	Date-Added = {2017-03-22 19:04:15 +0000},
	Date-Modified = {2017-03-22 19:09:07 +0000},
	Isbn = {1548-7091},
	Journal = {Nat Meth},
	L3 = {10.1038/nmeth.3528; http://www.nature.com/nmeth/journal/v12/n10/abs/nmeth.3528.html#supplementary-information},
	M3 = {Brief Communication},
	Number = {10},
	Pages = {935--938},
	Publisher = {Nature Publishing Group, a division of Macmillan Publishers Limited. All Rights Reserved.},
	Title = {Ultrahigh-throughput single-molecule spectroscopy and spectrally resolved super-resolution microscopy},
	Ty = {JOUR},
	Url = {http://dx.doi.org/10.1038/nmeth.3528},
	Volume = {12},
	Year = {2015},
	Bdsk-Url-1 = {http://dx.doi.org/10.1038/nmeth.3528}}

@article{Gratings,
	Author = {Ma, Yinfa and Shortreed, Michael R. and Yeung, Edward S.},
	Date-Added = {2017-03-22 19:00:12 +0000},
	Date-Modified = {2017-03-22 20:41:53 +0000},
	Journal = {Analytical Chemistry},
	Number = {19},
	Pages = {4640-4645},
	Title = {High-Throughput Single-Molecule Spectroscopy in Free Solution},
	Volume = {72},
	Year = {2000},
	Bdsk-Url-1 = {http://dx.doi.org/10.1021/ac000584n}}
